<record><leader>00000cas a2200000 a 4500</leader><controlfield tag="001">12012277</controlfield><controlfield tag="008">850508d19421942azudn ne      0   a0eng c</controlfield><datafield ind1=" " ind2=" " tag="010"><subfield code="a">sn 87062084 </subfield></datafield><datafield ind1=" " ind2=" " tag="040"><subfield code="a">AZS</subfield><subfield code="b">eng</subfield><subfield code="c">AZS</subfield><subfield code="d">DLC</subfield><subfield code="d">CNW</subfield><subfield code="d">CVF</subfield><subfield code="d">WAU</subfield><subfield code="d">DLC</subfield><subfield code="d">OCLCQ</subfield><subfield code="d">OCLCF</subfield><subfield code="d">OCLCO</subfield></datafield><datafield ind1="1" ind2=" " tag="029"><subfield code="a">AU@</subfield><subfield code="b">000011577390</subfield></datafield><datafield ind1="0" ind2=" " tag="041"><subfield code="a">engjpn</subfield></datafield><datafield ind1=" " ind2=" " tag="042"><subfield code="a">pcc</subfield></datafield><datafield ind1=" " ind2=" " tag="043"><subfield code="a">n-us-az</subfield></datafield><datafield ind1="0" ind2="0" tag="050"><subfield code="a">Newspaper</subfield></datafield><datafield ind1=" " ind2=" " tag="090"><subfield code="a">D769.8.A6</subfield><subfield code="b">P6x</subfield></datafield><datafield ind1="0" ind2=" " tag="130"><subfield code="a">Press bulletin (Poston, Ariz.)</subfield></datafield><datafield ind1="1" ind2="0" tag="245"><subfield code="a">Press bulletin.</subfield></datafield><datafield ind1="1" ind2="3" tag="246"><subfield code="a">Poston press bulletin</subfield><subfield code="f">v. 7, no. 18 (Dec. 6, 1942)</subfield></datafield><datafield ind1="1" ind2="3" tag="246"><subfield code="a">Official daily press bulletin</subfield><subfield code="f">scattered issues</subfield></datafield><datafield ind1=" " ind2=" " tag="260"><subfield code="a">Poston, Ariz. :</subfield><subfield code="b">War Relocation Authority,</subfield><subfield code="c">1942.</subfield></datafield><datafield ind1=" " ind2=" " tag="300"><subfield code="a">6 v. :</subfield><subfield code="b">ill. ;</subfield><subfield code="c">34 cm.</subfield></datafield><datafield ind1=" " ind2=" " tag="310"><subfield code="a">Daily (except Monday)</subfield></datafield><datafield ind1="0" ind2=" " tag="362"><subfield code="a">Vol. 3, no. 30 (Aug. 26, 1942)-v. 8, no. 9 (Dec. 20, 1942).</subfield></datafield><datafield ind1="0" ind2=" " tag="490"><subfield code="a">Japanese camp papers.</subfield></datafield><datafield ind1=" " ind2=" " tag="500"><subfield code="a">Sometimes published as: Official daily press bulletin.</subfield></datafield><datafield ind1=" " ind2=" " tag="500"><subfield code="a">Japanese camp papers.</subfield></datafield><datafield ind1=" " ind2=" " tag="530"><subfield code="a">Also issued on microfilm from the Library of Congress, Photoduplication Service.</subfield></datafield><datafield ind1=" " ind2=" " tag="546"><subfield code="a">English and Japanese.</subfield></datafield><datafield ind1=" " ind2=" " tag="550"><subfield code="a">Issued for the internees at Poston Relocation Center by the War Relocation Authority.</subfield></datafield><datafield ind1="2" ind2="0" tag="610"><subfield code="a">Poston Relocation Center (Poston, Ariz.)</subfield></datafield><datafield ind1=" " ind2="0" tag="650"><subfield code="a">Japanese Americans</subfield><subfield code="z">Arizona</subfield><subfield code="x">Evacuation and relocation, 1942-1945</subfield><subfield code="v">Newspapers.</subfield></datafield><datafield ind1=" " ind2="0" tag="651"><subfield code="a">Poston (Ariz.)</subfield><subfield code="v">Newspapers.</subfield></datafield><datafield ind1=" " ind2="7" tag="655"><subfield code="a">Newspapers.</subfield><subfield code="2">fast</subfield><subfield code="0">(OCoLC)fst01423814</subfield></datafield><datafield ind1="2" ind2="7" tag="610"><subfield code="a">Poston Relocation Center (Ariz.)</subfield><subfield code="2">fast</subfield><subfield code="0">(OCoLC)fst01511528</subfield></datafield><datafield ind1="2" ind2="7" tag="611"><subfield code="a">Evacuation and relocation of Japanese Americans (United States : 1942-1945)</subfield><subfield code="2">fast</subfield><subfield code="0">(OCoLC)fst01801850</subfield></datafield><datafield ind1=" " ind2="7" tag="648"><subfield code="a">1942 - 1945</subfield><subfield code="2">fast</subfield></datafield><datafield ind1=" " ind2="7" tag="650"><subfield code="a">Japanese Americans.</subfield><subfield code="2">fast</subfield><subfield code="0">(OCoLC)fst00981441</subfield></datafield><datafield ind1=" " ind2="7" tag="651"><subfield code="a">Arizona.</subfield><subfield code="2">fast</subfield><subfield code="0">(OCoLC)fst01204820</subfield></datafield><datafield ind1=" " ind2="7" tag="651"><subfield code="a">Arizona</subfield><subfield code="z">Poston.</subfield><subfield code="2">fast</subfield><subfield code="0">(OCoLC)fst01257554</subfield></datafield><datafield ind1="2" ind2=" " tag="710"><subfield code="a">Poston Relocation Center (Poston, Ariz.)</subfield></datafield><datafield ind1="1" ind2=" " tag="710"><subfield code="a">United States.</subfield><subfield code="b">War Relocation Authority.</subfield></datafield><datafield ind1="0" ind2=" " tag="730"><subfield code="a">Japanese camp papers.</subfield></datafield><datafield ind1=" " ind2=" " tag="752"><subfield code="a">United States</subfield><subfield code="b">Arizona</subfield><subfield code="c">Yuma</subfield><subfield code="d">Poston.</subfield></datafield><datafield ind1="0" ind2="0" tag="780"><subfield code="t">Official daily press bulletin</subfield><subfield code="w">(DLC)sn 83025332</subfield><subfield code="w">(OCoLC)9398271</subfield></datafield><datafield ind1="0" ind2="0" tag="785"><subfield code="t">Poston chronicle</subfield><subfield code="w">(DLC)sn 83025333</subfield><subfield code="w">(OCoLC)9460777</subfield></datafield></record>